<record><leader>00000cas a22000007a 4500</leader><controlfield tag="001">14908961</controlfield><controlfield tag="008">861201c19269999txudr ne      0    0eng d</controlfield><datafield ind1=" " ind2=" " tag="010"><subfield code="a">sn 86090322 </subfield></datafield><datafield ind1=" " ind2=" " tag="040"><subfield code="a">PPM</subfield><subfield code="b">eng</subfield><subfield code="c">PPM</subfield><subfield code="d">ANU</subfield><subfield code="d">OCLCQ</subfield><subfield code="d">OCLCF</subfield><subfield code="d">OCLCO</subfield></datafield><datafield ind1="1" ind2=" " tag="029"><subfield code="a">AU@</subfield><subfield code="b">000025787403</subfield></datafield><datafield ind1=" " ind2=" " tag="042"><subfield code="a">msc</subfield></datafield><datafield ind1=" " ind2=" " tag="043"><subfield code="a">n-us-tx</subfield><subfield code="a">n-us-ar</subfield></datafield><datafield ind1="0" ind2="0" tag="245"><subfield code="a">Texarkana gazette.</subfield></datafield><datafield ind1=" " ind2=" " tag="260"><subfield code="a">Texarkana, USA [Tex. and Ark.] :</subfield><subfield code="b">Clyde E. Palmer</subfield></datafield><datafield ind1=" " ind2=" " tag="300"><subfield code="a">v. :</subfield><subfield code="b">ill.</subfield></datafield><datafield ind1=" " ind2=" " tag="310"><subfield code="a">Daily,</subfield><subfield code="b">Mar. 27, 1933-</subfield></datafield><datafield ind1=" " ind2=" " tag="321"><subfield code="a">Daily,</subfield><subfield code="b">&lt;1926&gt;-Mar. 5, 1933</subfield></datafield><datafield ind1=" " ind2=" " tag="321"><subfield code="a">Daily (except Monday),</subfield><subfield code="b">Mar. 7-26, 1933</subfield></datafield><datafield ind1="1" ind2=" " tag="362"><subfield code="a">Began in 1926?</subfield></datafield><datafield ind1=" " ind2=" " tag="588"><subfield code="a">Description based on: Vol. 52, no. 252 (Oct. 23, 1927).</subfield></datafield><datafield ind1=" " ind2="0" tag="651"><subfield code="a">Texarkana (Tex.)</subfield><subfield code="v">Newspapers.</subfield></datafield><datafield ind1=" " ind2="0" tag="651"><subfield code="a">Texarkana (Ark.)</subfield><subfield code="v">Newspapers.</subfield></datafield><datafield ind1=" " ind2="7" tag="655"><subfield code="a">Newspapers.</subfield><subfield code="2">fast</subfield><subfield code="0">(OCoLC)fst01423814</subfield></datafield><datafield ind1=" " ind2="7" tag="651"><subfield code="a">Arkansas</subfield><subfield code="z">Texarkana.</subfield><subfield code="2">fast</subfield><subfield code="0">(OCoLC)fst01216853</subfield></datafield><datafield ind1=" " ind2="7" tag="651"><subfield code="a">Texas</subfield><subfield code="z">Texarkana.</subfield><subfield code="2">fast</subfield><subfield code="0">(OCoLC)fst01216854</subfield></datafield><datafield ind1=" " ind2=" " tag="752"><subfield code="a">United States</subfield><subfield code="b">Texas</subfield><subfield code="c">Bowie</subfield><subfield code="d">Texarkana.</subfield></datafield><datafield ind1=" " ind2=" " tag="752"><subfield code="a">United States</subfield><subfield code="b">Arkansas</subfield><subfield code="c">Miller</subfield><subfield code="d">Texarkana.</subfield></datafield><datafield ind1="0" ind2=" " tag="775"><subfield code="t">Texarkana daily news</subfield><subfield code="w">(DLC)sn 86090321</subfield></datafield><datafield ind1="0" ind2="5" tag="780"><subfield code="t">Four states press</subfield><subfield code="w">(DLC)sn 88083595</subfield></datafield><datafield ind1="0" ind2="6" tag="780"><subfield code="t">Texarkana press</subfield><subfield code="w">(DLC)sn 88083529</subfield></datafield></record>